@article{sznitman2010vacant,
  title={Vacant set of random interlacements and percolation},
  author={Sznitman, Alain-Sol},
  journal={Annals of mathematics},
  pages={2039--2087},
  year={2010},
  publisher={JSTOR}
}

@book{drewitz2014introduction,
  title={An introduction to random interlacements},
  author={Drewitz, Alexander and R{\'a}th, Bal{\'a}zs and Sapozhnikov, Art{\"e}m},
  year={2014},
  publisher={Springer}
}

@book{popov2021two,
  title={Two-dimensional Random Walk: From Path Counting to Random Interlacements},
  author={Popov, Serguei},
  volume={13},
  year={2021},
  publisher={Cambridge University Press}
}

@article{polya1921aufgabe,
  title={{\"U}ber eine Aufgabe der Wahrscheinlichkeitsrechnung betreffend die Irrfahrt im Stra{\ss}ennetz},
  author={P{\'o}lya, Georg},
  journal={Mathematische Annalen},
  volume={84},
  number={1},
  pages={149--160},
  year={1921},
  publisher={Springer}
}

@book{lawler2013intersections,
  title={Intersections of random walks},
  author={Lawler, Gregory F},
  year={2013},
  publisher={Springer Science \& Business Media}
}

@article{comets2013large,
  title={On large deviations for the cover time of two-dimensional torus},
  author={Comets, Francis and Gallesco, Christophe and Popov, Serguei and Vachkovskaia, Marina},
  journal={Electronic Journal of Probability},
  volume={18},
  pages={1--18},
  year={2013},
  publisher={Institute of Mathematical Statistics and Bernoulli Society}
}

@article{bercu2019multi,
  title={On the multi-dimensional elephant random walk},
  author={Bercu, Bernard and Laulin, Lucile},
  journal={Journal of Statistical Physics},
  volume={175},
  number={6},
  pages={1146--1163},
  year={2019},
  publisher={Springer}
}

@article{schutz2004elephants,
  title={Elephants can always remember: Exact long-range memory effects in a non-Markovian random walk},
  author={Sch{\"u}tz, Gunter M and Trimper, Steffen},
  journal={Physical Review E},
  volume={70},
  number={4},
  pages={045101},
  year={2004},
  publisher={APS}
}

@article{dembo2004cover,
  title={Cover times for Brownian motion and random walks in two dimensions},
  author={Dembo, Amir and Peres, Yuval and Rosen, Jay and Zeitouni, Ofer},
  journal={Annals of mathematics},
  pages={433--464},
  year={2004},
  publisher={JSTOR}
}